@book{josang21,
  title={Informasjonssikkerhet --  {T}eori og praksis},
  author={J{\o}sang, Audun},
  year={2021},
  publisher={Universitetsforlaget}
}